@article{babai1988arthur,
  title={Arthur-Merlin games: a randomized proof system, and a hierarchy of complexity classes},
  author={Babai, L{\'a}szl{\'o} and Moran, Shlomo},
  journal={Journal of Computer and System Sciences},
  volume={36},
  number={2},
  pages={254--276},
  year={1988},
  publisher={Elsevier}
}
@article{goldwasser1989ip,
  title={The knowledge complexity of interactive proof systems},
  author={Goldwasser, Shafi and Micali, Silvio and Rackoff, Charles},
  journal={SIAM Journal on computing},
  volume={18},
  number={1},
  pages={186--208},
  year={1989},
  publisher={SIAM}
}
@inproceedings{anderson2004boinc,
  title={Boinc: A system for public-resource computing and storage},
  author={Anderson, David P},
  booktitle={proceedings of the 5th IEEE/ACM International Workshop on Grid Computing},
  pages={4--10},
  year={2004},
  organization={IEEE Computer Society}
}
@article{nakamoto2008bitcoin,
  title={Bitcoin: A peer-to-peer electronic cash system},
  author={Nakamoto, Satoshi},
  year={2008}
}
@inproceedings{azar2012rational,
  title={Rational proofs},
  author={Azar, Pablo Daniel and Micali, Silvio},
  booktitle={Proceedings of the forty-fourth annual ACM symposium on Theory of computing},
  pages={1017--1028},
  year={2012},
  organization={ACM}
}
@article{babai1991mip,
  title={Non-deterministic exponential time has two-prover interactive protocols},
  author={Babai, L{\'a}szl{\'o} and Fortnow, Lance and Lund, Carsten},
  journal={Computational complexity},
  volume={1},
  number={1},
  pages={3--40},
  year={1991},
  publisher={Springer}
}
@inproceedings{chen2016mrip,
  title={Rational proofs with multiple provers},
  author={Chen, Jing and McCauley, Samuel and Singh, Shikha},
  booktitle={Proceedings of the 2016 ACM Conference on Innovations in Theoretical Computer Science},
  pages={237--248},
  year={2016},
  organization={ACM}
}
@article{chen2017noncoop,
  title={Rational Proofs with Non-Cooperative Provers},
  author={Chen, Jing and McCauley, Samuel and Singh, Shikha},
  journal={arXiv preprint arXiv:1708.00521},
  year={2017}
}
@article{kreps1982sequential,
    title={Sequential equilibria},
    author={Kreps, David M and Wilson, Robert},
    journal={Econometrica: Journal of the Econometric Society},
    pages={863--894},
    year={1982},
    publisher={JSTOR}
}
@inproceedings{feige1997refereed,
title={Making games short},
author={Feige, Uriel and Kilian, Joe},
booktitle={Proceedings of the twenty-ninth annual ACM symposium on Theory of computing},
pages={506--516},
year={1997},
organization={ACM}
}
@article{shamir1992ip,
  title={Ip= pspace},
  author={Shamir, Adi},
  journal={Journal of the ACM (JACM)},
  volume={39},
  number={4},
  pages={869--877},
  year={1992},
  publisher={ACM}
}
